customer,products,sales_person,sales_region,sales_date,quarter,sales,costs
LONG ISLANDS INC,SOFT DRINKS,Michael Jackson,AMERICAS,4/13/12,Q2,24640,16999
LONG ISLANDS INC,SOFT DRINKS,Michael Jackson,AMERICAS,12/21/12,Q4,24640,13059
LONG ISLANDS INC,SOFT DRINKS,Michael Jackson,AMERICAS,12/24/12,Q4,29923,13826
LONG ISLANDS INC,SOFT DRINKS,Michael Jackson,AMERICAS,12/24/12,Q4,66901,18658
LONG ISLANDS INC,SOFT DRINKS,Michael Jackson,AMERICAS,12/29/12,Q4,63116,19949
LONG ISLANDS INC,SOFT DRINKS,Michael Jackson,AMERICAS,6/28/12,Q2,38281,15054
LONG ISLANDS INC,SOFT DRINKS,Michael Jackson,AMERICAS,6/28/12,Q2,57650,15524
LONG ISLANDS INC,SOFT DRINKS,Michael Jackson,AMERICAS,6/29/12,Q2,90967,18794
LONG ISLANDS INC,SOFT DRINKS,Michael Jackson,AMERICAS,6/29/12,Q2,11910,14775
LONG ISLANDS INC,SOFT DRINKS,Michael Jackson,AMERICAS,7/6/12,Q3,59531,10870
LONG ISLANDS INC,SOFT DRINKS,Michael Jackson,AMERICAS,7/6/12,Q3,88297,16134
LONG ISLANDS INC,SOFT DRINKS,Michael Jackson,AMERICAS,9/8/12,Q3,87868,16886
LONG ISLANDS INC,BOTTLES,Michael Jackson,AMERICAS,9/8/12,Q3,95527,19530
LONG ISLANDS INC,BOTTLES,Michael Jackson,AMERICAS,6/30/12,Q2,90599,17151
LONG ISLANDS INC,BOTTLES,Michael Jackson,AMERICAS,12/23/12,Q4,17030,11262
LONG ISLANDS INC,BOTTLES,Michael Jackson,AMERICAS,12/8/12,Q4,65026,10309
LONG ISLANDS INC,BOTTLES,Michael Jackson,AMERICAS,10/28/12,Q4,57579,17183
LONG ISLANDS INC,BOTTLES,Michael Jackson,AMERICAS,10/28/12,Q4,34338,15907
LONG ISLANDS INC,BOTTLES,Michael Jackson,AMERICAS,9/15/12,Q3,90387,17607
LONG ISLANDS INC,BOTTLES,Michael Jackson,AMERICAS,10/28/12,Q4,62324,18267
LONG ISLANDS INC,BOTTLES,Michael Jackson,AMERICAS,10/31/12,Q4,28871,17130
LONG ISLANDS INC,BOTTLES,Michael Jackson,AMERICAS,12/29/12,Q4,34714,14482
LONG ISLANDS INC,BOTTLES,Michael Jackson,AMERICAS,4/15/12,Q2,38668,19292
LONG ISLANDS INC,BOTTLES,Michael Jackson,AMERICAS,12/8/12,Q4,59810,10712
LONG ISLANDS INC,ICE CUBES,Michael Jackson,AMERICAS,12/1/12,Q4,19056,11496
LONG ISLANDS INC,ICE CUBES,Michael Jackson,AMERICAS,12/1/12,Q4,34096,14616
LONG ISLANDS INC,ICE CUBES,Michael Jackson,AMERICAS,10/28/12,Q4,80441,18114
LONG ISLANDS INC,ICE CUBES,Michael Jackson,AMERICAS,8/19/12,Q3,15306,15463
LONG ISLANDS INC,ICE CUBES,Michael Jackson,AMERICAS,2/8/12,Q1,11347,18750
LONG ISLANDS INC,ICE CUBES,Michael Jackson,AMERICAS,10/31/12,Q4,11136,17083
LONG ISLANDS INC,ICE CUBES,Michael Jackson,AMERICAS,10/21/12,Q4,88672,14107
LONG ISLANDS INC,ICE CUBES,Michael Jackson,AMERICAS,7/26/12,Q3,82202,16932
LONG ISLANDS INC,ICE CUBES,Michael Jackson,AMERICAS,8/19/12,Q3,70480,19596
LONG ISLANDS INC,ICE CUBES,Michael Jackson,AMERICAS,8/19/12,Q3,17523,19274
LONG ISLANDS INC,ICE CUBES,Michael Jackson,AMERICAS,8/12/12,Q3,86647,15331
LONG ISLANDS INC,ICE CUBES,Michael Jackson,AMERICAS,10/28/12,Q4,38301,19991
LONG ISLANDS INC,TONIC,Michael Jackson,AMERICAS,8/12/12,Q3,29185,16922
LONG ISLANDS INC,TONIC,Michael Jackson,AMERICAS,12/1/12,Q4,19595,13814
LONG ISLANDS INC,TONIC,Michael Jackson,AMERICAS,12/1/12,Q4,29333,17483
LONG ISLANDS INC,TONIC,Michael Jackson,AMERICAS,10/31/12,Q4,59339,14999
LONG ISLANDS INC,TONIC,Michael Jackson,AMERICAS,12/1/12,Q4,73310,13293
LONG ISLANDS INC,TONIC,Michael Jackson,AMERICAS,10/28/12,Q4,16527,15218
LONG ISLANDS INC,TONIC,Michael Jackson,AMERICAS,12/1/12,Q4,80254,16650
LONG ISLANDS INC,TONIC,Michael Jackson,AMERICAS,10/31/12,Q4,62535,14444
LONG ISLANDS INC,TONIC,Michael Jackson,AMERICAS,12/30/12,Q4,63923,12963
LONG ISLANDS INC,TONIC,Michael Jackson,AMERICAS,9/13/12,Q3,52045,12675
LONG ISLANDS INC,TONIC,Michael Jackson,AMERICAS,10/1/12,Q4,86327,17960
LONG ISLANDS INC,TONIC,Michael Jackson,AMERICAS,7/26/12,Q3,53045,16784
LONG ISLANDS INC,SOFT DRINKS,Michael Jackson,AMERICAS,10/21/13,Q4,25000,18415
LONG ISLANDS INC,SOFT DRINKS,Michael Jackson,AMERICAS,12/1/13,Q4,88003,16958
LONG ISLANDS INC,SOFT DRINKS,Michael Jackson,AMERICAS,10/28/13,Q4,12502,19773
LONG ISLANDS INC,SOFT DRINKS,Michael Jackson,AMERICAS,10/28/13,Q4,17100,16743
LONG ISLANDS INC,SOFT DRINKS,Michael Jackson,AMERICAS,10/31/13,Q4,16853,13146
LONG ISLANDS INC,SOFT DRINKS,Michael Jackson,AMERICAS,10/28/13,Q4,35796,16830
LONG ISLANDS INC,SOFT DRINKS,Michael Jackson,AMERICAS,10/31/13,Q4,64825,10216
LONG ISLANDS INC,SOFT DRINKS,Michael Jackson,AMERICAS,11/3/13,Q4,17929,13658
LONG ISLANDS INC,SOFT DRINKS,Michael Jackson,AMERICAS,12/1/13,Q4,50134,18150
LONG ISLANDS INC,SOFT DRINKS,Michael Jackson,AMERICAS,10/31/13,Q4,95705,19112
LONG ISLANDS INC,SOFT DRINKS,Michael Jackson,AMERICAS,2/28/13,Q1,13178,19032
LONG ISLANDS INC,SOFT DRINKS,Michael Jackson,AMERICAS,12/16/13,Q4,22781,19601
LONG ISLANDS INC,BOTTLES,Michael Jackson,AMERICAS,3/22/13,Q1,59151,12398
LONG ISLANDS INC,BOTTLES,Michael Jackson,AMERICAS,4/1/13,Q2,11014,16999
LONG ISLANDS INC,BOTTLES,Michael Jackson,AMERICAS,10/7/13,Q4,96469,13347
LONG ISLANDS INC,BOTTLES,Michael Jackson,AMERICAS,6/8/13,Q2,87079,11598
LONG ISLANDS INC,BOTTLES,Michael Jackson,AMERICAS,9/27/13,Q3,53836,18797
LONG ISLANDS INC,BOTTLES,Michael Jackson,AMERICAS,2/28/13,Q1,63358,17488
LONG ISLANDS INC,BOTTLES,Michael Jackson,AMERICAS,4/5/13,Q2,85568,18075
LONG ISLANDS INC,BOTTLES,Michael Jackson,AMERICAS,4/14/13,Q2,64286,17270
LONG ISLANDS INC,BOTTLES,Michael Jackson,AMERICAS,5/18/13,Q2,54721,19390
LONG ISLANDS INC,BOTTLES,Michael Jackson,AMERICAS,9/26/13,Q3,13804,11517
LONG ISLANDS INC,BOTTLES,Michael Jackson,AMERICAS,9/26/13,Q3,76779,12388
LONG ISLANDS INC,BOTTLES,Michael Jackson,AMERICAS,12/5/13,Q4,74017,14328
LONG ISLANDS INC,ICE CUBES,Michael Jackson,AMERICAS,9/14/13,Q3,23979,12702
LONG ISLANDS INC,ICE CUBES,Michael Jackson,AMERICAS,5/26/13,Q2,13644,15253
LONG ISLANDS INC,ICE CUBES,Michael Jackson,AMERICAS,4/20/13,Q2,44447,16651
LONG ISLANDS INC,ICE CUBES,Michael Jackson,AMERICAS,9/26/13,Q3,49606,11664
LONG ISLANDS INC,ICE CUBES,Michael Jackson,AMERICAS,3/9/13,Q1,23697,14296
LONG ISLANDS INC,ICE CUBES,Michael Jackson,AMERICAS,5/26/13,Q2,51914,19546
LONG ISLANDS INC,ICE CUBES,Michael Jackson,AMERICAS,4/20/13,Q2,50196,10372
LONG ISLANDS INC,ICE CUBES,Michael Jackson,AMERICAS,2/23/13,Q1,88701,16517
LONG ISLANDS INC,ICE CUBES,Michael Jackson,AMERICAS,6/15/13,Q2,74737,18230
LONG ISLANDS INC,ICE CUBES,Michael Jackson,AMERICAS,4/13/13,Q2,57704,12638
LONG ISLANDS INC,ICE CUBES,Michael Jackson,AMERICAS,9/14/13,Q3,40850,13432
LONG ISLANDS INC,ICE CUBES,Michael Jackson,AMERICAS,11/28/13,Q4,80563,11599
LONG ISLANDS INC,TONIC,Michael Jackson,AMERICAS,6/8/13,Q2,35938,13074
LONG ISLANDS INC,TONIC,Michael Jackson,AMERICAS,9/14/13,Q3,91122,12004
LONG ISLANDS INC,TONIC,Michael Jackson,AMERICAS,10/28/13,Q4,87887,14156
LONG ISLANDS INC,TONIC,Michael Jackson,AMERICAS,8/4/13,Q3,12024,15527
LONG ISLANDS INC,TONIC,Michael Jackson,AMERICAS,8/4/13,Q3,50503,15256
LONG ISLANDS INC,TONIC,Michael Jackson,AMERICAS,5/16/13,Q2,68224,17450
LONG ISLANDS INC,TONIC,Michael Jackson,AMERICAS,5/31/13,Q2,10014,15895
LONG ISLANDS INC,TONIC,Michael Jackson,AMERICAS,1/25/13,Q1,88585,14666
LONG ISLANDS INC,TONIC,Michael Jackson,AMERICAS,1/25/13,Q1,18981,12514
LONG ISLANDS INC,TONIC,Michael Jackson,AMERICAS,4/13/13,Q2,57068,12926
LONG ISLANDS INC,TONIC,Michael Jackson,AMERICAS,5/9/13,Q2,69284,13595
LONG ISLANDS INC,TONIC,Michael Jackson,AMERICAS,9/14/13,Q3,37407,10409
LONG ISLANDS INC,SOFT DRINKS,Michael Jackson,AMERICAS,8/4/14,Q3,50670,15040
LONG ISLANDS INC,SOFT DRINKS,Michael Jackson,AMERICAS,11/28/14,Q4,73943,19774
LONG ISLANDS INC,SOFT DRINKS,Michael Jackson,AMERICAS,7/27/14,Q3,82315,15782
LONG ISLANDS INC,SOFT DRINKS,Michael Jackson,AMERICAS,4/13/14,Q2,39996,19502
LONG ISLANDS INC,SOFT DRINKS,Michael Jackson,AMERICAS,2/28/14,Q1,21987,18783
LONG ISLANDS INC,SOFT DRINKS,Michael Jackson,AMERICAS,8/4/14,Q3,18340,19123
LONG ISLANDS INC,SOFT DRINKS,Michael Jackson,AMERICAS,5/11/14,Q2,67849,19994
LONG ISLANDS INC,SOFT DRINKS,Michael Jackson,AMERICAS,9/21/14,Q3,15738,10125
LONG ISLANDS INC,SOFT DRINKS,Michael Jackson,AMERICAS,9/21/14,Q3,24815,13722
LONG ISLANDS INC,SOFT DRINKS,Michael Jackson,AMERICAS,10/11/14,Q4,62319,18929
LONG ISLANDS INC,SOFT DRINKS,Michael Jackson,AMERICAS,11/3/14,Q4,45975,17828
LONG ISLANDS INC,SOFT DRINKS,Michael Jackson,AMERICAS,11/3/14,Q4,66180,13968
LONG ISLANDS INC,BOTTLES,Michael Jackson,AMERICAS,11/28/14,Q4,73922,18528
LONG ISLANDS INC,BOTTLES,Michael Jackson,AMERICAS,10/11/14,Q4,90035,18072
LONG ISLANDS INC,BOTTLES,Michael Jackson,AMERICAS,9/26/14,Q3,29742,16546
LONG ISLANDS INC,BOTTLES,Michael Jackson,AMERICAS,1/25/14,Q1,18018,15229
LONG ISLANDS INC,BOTTLES,Michael Jackson,AMERICAS,2/26/14,Q1,71370,16810
LONG ISLANDS INC,BOTTLES,Michael Jackson,AMERICAS,8/4/14,Q3,18717,18383
LONG ISLANDS INC,BOTTLES,Michael Jackson,AMERICAS,10/11/14,Q4,43443,17546
LONG ISLANDS INC,BOTTLES,Michael Jackson,AMERICAS,10/14/14,Q4,97950,11999
LONG ISLANDS INC,BOTTLES,Michael Jackson,AMERICAS,1/31/14,Q1,80487,12797
LONG ISLANDS INC,BOTTLES,Michael Jackson,AMERICAS,10/19/14,Q4,68091,11787
LONG ISLANDS INC,BOTTLES,Michael Jackson,AMERICAS,7/6/14,Q3,11317,10755
LONG ISLANDS INC,BOTTLES,Michael Jackson,AMERICAS,9/7/14,Q3,89023,10646
LONG ISLANDS INC,ICE CUBES,Michael Jackson,AMERICAS,7/27/14,Q3,66876,12373
LONG ISLANDS INC,ICE CUBES,Michael Jackson,AMERICAS,12/9/14,Q4,39030,11091
LONG ISLANDS INC,ICE CUBES,Michael Jackson,AMERICAS,5/9/14,Q2,27558,11761
LONG ISLANDS INC,ICE CUBES,Michael Jackson,AMERICAS,2/25/14,Q1,32566,19133
LONG ISLANDS INC,ICE CUBES,Michael Jackson,AMERICAS,8/4/14,Q3,49549,19195
LONG ISLANDS INC,ICE CUBES,Michael Jackson,AMERICAS,12/6/14,Q4,34696,14133
LONG ISLANDS INC,ICE CUBES,Michael Jackson,AMERICAS,12/13/14,Q4,87319,19003
LONG ISLANDS INC,ICE CUBES,Michael Jackson,AMERICAS,12/14/14,Q4,35809,18147
LONG ISLANDS INC,ICE CUBES,Michael Jackson,AMERICAS,9/14/14,Q3,55289,17937
LONG ISLANDS INC,ICE CUBES,Michael Jackson,AMERICAS,9/21/14,Q3,98236,19955
LONG ISLANDS INC,ICE CUBES,Michael Jackson,AMERICAS,10/4/14,Q4,13596,17006
LONG ISLANDS INC,ICE CUBES,Michael Jackson,AMERICAS,11/3/14,Q4,69865,14898
LONG ISLANDS INC,TONIC,Michael Jackson,AMERICAS,11/3/14,Q4,68789,19568
LONG ISLANDS INC,TONIC,Michael Jackson,AMERICAS,10/4/14,Q4,73642,12580
LONG ISLANDS INC,TONIC,Michael Jackson,AMERICAS,11/14/14,Q4,66623,14671
LONG ISLANDS INC,TONIC,Michael Jackson,AMERICAS,1/11/14,Q1,13406,14382
LONG ISLANDS INC,TONIC,Michael Jackson,AMERICAS,1/11/14,Q1,73954,17289
LONG ISLANDS INC,TONIC,Michael Jackson,AMERICAS,9/21/14,Q3,50936,12634
LONG ISLANDS INC,TONIC,Michael Jackson,AMERICAS,11/3/14,Q4,67831,16589
LONG ISLANDS INC,TONIC,Michael Jackson,AMERICAS,11/3/14,Q4,23441,16009
LONG ISLANDS INC,TONIC,Michael Jackson,AMERICAS,6/2/14,Q2,96007,18788
LONG ISLANDS INC,TONIC,Michael Jackson,AMERICAS,9/7/14,Q3,59524,17114
LONG ISLANDS INC,TONIC,Michael Jackson,AMERICAS,4/6/14,Q2,46244,14231
LONG ISLANDS INC,TONIC,Michael Jackson,AMERICAS,4/13/14,Q2,56864,13001
MOJITOS R US,SOFT DRINKS,Ian Wright,EUROPE,9/7/12,Q3,83675,13580
MOJITOS R US,SOFT DRINKS,Ian Wright,EUROPE,11/15/12,Q4,90717,10799
MOJITOS R US,SOFT DRINKS,Ian Wright,EUROPE,12/20/12,Q4,32553,15390
MOJITOS R US,SOFT DRINKS,Ian Wright,EUROPE,5/18/12,Q2,73667,10837
MOJITOS R US,SOFT DRINKS,Ian Wright,EUROPE,3/9/12,Q1,73163,16787
MOJITOS R US,SOFT DRINKS,Ian Wright,EUROPE,9/7/12,Q3,37683,13660
MOJITOS R US,SOFT DRINKS,Ian Wright,EUROPE,12/20/12,Q4,58639,17138
MOJITOS R US,SOFT DRINKS,Ian Wright,EUROPE,4/6/12,Q2,93159,17535
MOJITOS R US,SOFT DRINKS,Ian Wright,EUROPE,1/25/12,Q1,46788,14507
MOJITOS R US,SOFT DRINKS,Ian Wright,EUROPE,9/14/12,Q3,74557,12374
MOJITOS R US,SOFT DRINKS,Ian Wright,EUROPE,10/17/12,Q4,12429,17962
MOJITOS R US,SOFT DRINKS,Ian Wright,EUROPE,11/19/12,Q4,65052,13632
MOJITOS R US,BOTTLES,Ian Wright,EUROPE,9/14/12,Q3,56502,19650
MOJITOS R US,BOTTLES,Ian Wright,EUROPE,5/16/12,Q2,59828,19039
MOJITOS R US,BOTTLES,Ian Wright,EUROPE,2/15/12,Q1,20650,11362
MOJITOS R US,BOTTLES,Ian Wright,EUROPE,11/1/12,Q4,38999,16431
MOJITOS R US,BOTTLES,Ian Wright,EUROPE,3/8/12,Q1,51708,13747
MOJITOS R US,BOTTLES,Ian Wright,EUROPE,11/14/12,Q4,94904,12607
MOJITOS R US,BOTTLES,Ian Wright,EUROPE,8/4/12,Q3,44262,13845
MOJITOS R US,BOTTLES,Ian Wright,EUROPE,12/22/12,Q4,35958,19862
MOJITOS R US,BOTTLES,Ian Wright,EUROPE,11/29/12,Q4,20830,11938
MOJITOS R US,BOTTLES,Ian Wright,EUROPE,10/11/12,Q4,99220,10667
MOJITOS R US,BOTTLES,Ian Wright,EUROPE,7/14/12,Q3,84818,12027
MOJITOS R US,BOTTLES,Ian Wright,EUROPE,10/4/12,Q4,64078,13988
MOJITOS R US,ICE CUBES,Ian Wright,EUROPE,9/14/12,Q3,45210,15569
MOJITOS R US,ICE CUBES,Ian Wright,EUROPE,9/14/12,Q3,40833,18472
MOJITOS R US,ICE CUBES,Ian Wright,EUROPE,4/6/12,Q2,47084,15157
MOJITOS R US,ICE CUBES,Ian Wright,EUROPE,10/13/12,Q4,29549,19923
MOJITOS R US,ICE CUBES,Ian Wright,EUROPE,11/28/12,Q4,79534,11452
MOJITOS R US,ICE CUBES,Ian Wright,EUROPE,11/28/12,Q4,43380,14401
MOJITOS R US,ICE CUBES,Ian Wright,EUROPE,6/15/12,Q2,94652,19579
MOJITOS R US,ICE CUBES,Ian Wright,EUROPE,10/25/12,Q4,74024,13012
MOJITOS R US,ICE CUBES,Ian Wright,EUROPE,6/8/12,Q2,33031,17890
MOJITOS R US,ICE CUBES,Ian Wright,EUROPE,9/14/12,Q3,40118,13923
MOJITOS R US,ICE CUBES,Ian Wright,EUROPE,8/10/12,Q3,21680,19783
MOJITOS R US,ICE CUBES,Ian Wright,EUROPE,1/3/12,Q1,61386,14685
MOJITOS R US,TONIC,Ian Wright,EUROPE,10/17/12,Q4,30583,10798
MOJITOS R US,TONIC,Ian Wright,EUROPE,10/11/12,Q4,70994,17004
MOJITOS R US,TONIC,Ian Wright,EUROPE,12/20/12,Q4,12816,12756
MOJITOS R US,TONIC,Ian Wright,EUROPE,11/28/12,Q4,36790,19707
MOJITOS R US,TONIC,Ian Wright,EUROPE,11/22/12,Q4,99542,14950
MOJITOS R US,TONIC,Ian Wright,EUROPE,11/11/12,Q4,99202,16237
MOJITOS R US,TONIC,Ian Wright,EUROPE,11/11/12,Q4,49713,18646
MOJITOS R US,TONIC,Ian Wright,EUROPE,8/10/12,Q3,31876,17421
MOJITOS R US,TONIC,Ian Wright,EUROPE,9/26/12,Q3,74697,16374
MOJITOS R US,TONIC,Ian Wright,EUROPE,5/11/12,Q2,24499,19841
MOJITOS R US,TONIC,Ian Wright,EUROPE,10/4/12,Q4,39431,12050
MOJITOS R US,TONIC,Ian Wright,EUROPE,12/20/12,Q4,79633,14577
MOJITOS R US,SOFT DRINKS,Ian Wright,EUROPE,2/2/13,Q1,94828,10121
MOJITOS R US,SOFT DRINKS,Ian Wright,EUROPE,9/26/13,Q3,60100,18677
MOJITOS R US,SOFT DRINKS,Ian Wright,EUROPE,7/27/13,Q3,88305,13840
MOJITOS R US,SOFT DRINKS,Ian Wright,EUROPE,7/13/13,Q3,76717,11311
MOJITOS R US,SOFT DRINKS,Ian Wright,EUROPE,11/8/13,Q4,44577,10268
MOJITOS R US,SOFT DRINKS,Ian Wright,EUROPE,3/2/13,Q1,58514,11944
MOJITOS R US,SOFT DRINKS,Ian Wright,EUROPE,4/19/13,Q2,33853,15021
MOJITOS R US,SOFT DRINKS,Ian Wright,EUROPE,5/11/13,Q2,32024,15424
MOJITOS R US,SOFT DRINKS,Ian Wright,EUROPE,7/27/13,Q3,76134,14687
MOJITOS R US,SOFT DRINKS,Ian Wright,EUROPE,9/14/13,Q3,10907,16666
MOJITOS R US,SOFT DRINKS,Ian Wright,EUROPE,9/14/13,Q3,62211,11165
MOJITOS R US,SOFT DRINKS,Ian Wright,EUROPE,6/22/13,Q2,78877,10988
MOJITOS R US,BOTTLES,Ian Wright,EUROPE,4/6/13,Q2,49374,16302
MOJITOS R US,BOTTLES,Ian Wright,EUROPE,11/1/13,Q4,51980,10937
MOJITOS R US,BOTTLES,Ian Wright,EUROPE,8/4/13,Q3,30241,12764
MOJITOS R US,BOTTLES,Ian Wright,EUROPE,2/9/13,Q1,92995,19197
MOJITOS R US,BOTTLES,Ian Wright,EUROPE,6/14/13,Q2,20003,13900
MOJITOS R US,BOTTLES,Ian Wright,EUROPE,4/13/13,Q2,48722,10739
MOJITOS R US,BOTTLES,Ian Wright,EUROPE,3/8/13,Q1,48516,18095
MOJITOS R US,BOTTLES,Ian Wright,EUROPE,12/7/13,Q4,71360,19465
MOJITOS R US,BOTTLES,Ian Wright,EUROPE,4/13/13,Q2,59935,16455
MOJITOS R US,BOTTLES,Ian Wright,EUROPE,11/14/13,Q4,38185,16034
MOJITOS R US,BOTTLES,Ian Wright,EUROPE,9/26/13,Q3,18760,13222
MOJITOS R US,BOTTLES,Ian Wright,EUROPE,12/21/13,Q4,49119,10900
MOJITOS R US,ICE CUBES,Ian Wright,EUROPE,9/26/13,Q3,59513,15134
MOJITOS R US,ICE CUBES,Ian Wright,EUROPE,6/29/13,Q2,51073,11041
MOJITOS R US,ICE CUBES,Ian Wright,EUROPE,12/2/13,Q4,76414,17709
MOJITOS R US,ICE CUBES,Ian Wright,EUROPE,12/9/13,Q4,18703,17240
MOJITOS R US,ICE CUBES,Ian Wright,EUROPE,12/21/13,Q4,63177,18751
MOJITOS R US,ICE CUBES,Ian Wright,EUROPE,4/1/13,Q2,49326,15631
MOJITOS R US,ICE CUBES,Ian Wright,EUROPE,4/1/13,Q2,46446,10484
MOJITOS R US,ICE CUBES,Ian Wright,EUROPE,4/1/13,Q2,67999,16473
MOJITOS R US,ICE CUBES,Ian Wright,EUROPE,4/1/13,Q2,70863,11162
MOJITOS R US,ICE CUBES,Ian Wright,EUROPE,4/1/13,Q2,43560,19798
MOJITOS R US,ICE CUBES,Ian Wright,EUROPE,4/1/13,Q2,53093,10551
MOJITOS R US,ICE CUBES,Ian Wright,EUROPE,4/1/13,Q2,80766,10899
MOJITOS R US,TONIC,Ian Wright,EUROPE,4/1/13,Q2,65694,15204
MOJITOS R US,TONIC,Ian Wright,EUROPE,4/1/13,Q2,21039,16925
MOJITOS R US,TONIC,Ian Wright,EUROPE,4/1/13,Q2,50156,17817
MOJITOS R US,TONIC,Ian Wright,EUROPE,5/26/13,Q2,84912,17289
MOJITOS R US,TONIC,Ian Wright,EUROPE,5/26/13,Q2,73803,15672
MOJITOS R US,TONIC,Ian Wright,EUROPE,5/26/13,Q2,96690,16728
MOJITOS R US,TONIC,Ian Wright,EUROPE,5/26/13,Q2,25984,18618
MOJITOS R US,TONIC,Ian Wright,EUROPE,5/26/13,Q2,17186,11375
MOJITOS R US,TONIC,Ian Wright,EUROPE,5/26/13,Q2,74291,18186
MOJITOS R US,TONIC,Ian Wright,EUROPE,5/26/13,Q2,90448,10465
MOJITOS R US,TONIC,Ian Wright,EUROPE,11/14/13,Q4,83252,12008
MOJITOS R US,TONIC,Ian Wright,EUROPE,6/13/13,Q2,61504,16406
MOJITOS R US,SOFT DRINKS,Ian Wright,EUROPE,9/13/14,Q3,65422,15022
MOJITOS R US,SOFT DRINKS,Ian Wright,EUROPE,11/4/14,Q4,20045,10298
MOJITOS R US,SOFT DRINKS,Ian Wright,EUROPE,9/26/14,Q3,96375,18702
MOJITOS R US,SOFT DRINKS,Ian Wright,EUROPE,3/8/14,Q1,72127,12326
MOJITOS R US,SOFT DRINKS,Ian Wright,EUROPE,8/10/14,Q3,40332,15376
MOJITOS R US,SOFT DRINKS,Ian Wright,EUROPE,8/4/14,Q3,67602,16145
MOJITOS R US,SOFT DRINKS,Ian Wright,EUROPE,8/4/14,Q3,23829,10373
MOJITOS R US,SOFT DRINKS,Ian Wright,EUROPE,2/16/14,Q1,18896,12140
MOJITOS R US,SOFT DRINKS,Ian Wright,EUROPE,7/21/14,Q3,31000,16597
MOJITOS R US,SOFT DRINKS,Ian Wright,EUROPE,5/9/14,Q2,86890,14328
MOJITOS R US,SOFT DRINKS,Ian Wright,EUROPE,12/21/14,Q4,33365,11121
MOJITOS R US,SOFT DRINKS,Ian Wright,EUROPE,12/28/14,Q4,70074,19508
MOJITOS R US,BOTTLES,Ian Wright,EUROPE,1/25/14,Q1,95980,17498
MOJITOS R US,BOTTLES,Ian Wright,EUROPE,11/2/14,Q4,23025,12735
MOJITOS R US,BOTTLES,Ian Wright,EUROPE,7/6/14,Q3,94259,15394
MOJITOS R US,BOTTLES,Ian Wright,EUROPE,6/22/14,Q2,31522,14684
MOJITOS R US,BOTTLES,Ian Wright,EUROPE,11/19/14,Q4,86046,17655
MOJITOS R US,BOTTLES,Ian Wright,EUROPE,6/15/14,Q2,41167,10501
MOJITOS R US,BOTTLES,Ian Wright,EUROPE,6/7/14,Q2,48025,19226
MOJITOS R US,BOTTLES,Ian Wright,EUROPE,6/15/14,Q2,26961,10457
MOJITOS R US,BOTTLES,Ian Wright,EUROPE,9/7/14,Q3,85681,18805
MOJITOS R US,BOTTLES,Ian Wright,EUROPE,11/22/14,Q4,72707,14032
MOJITOS R US,BOTTLES,Ian Wright,EUROPE,1/25/14,Q1,25296,14184
MOJITOS R US,BOTTLES,Ian Wright,EUROPE,8/4/14,Q3,72571,19537
MOJITOS R US,ICE CUBES,Ian Wright,EUROPE,12/28/14,Q4,67236,16806
MOJITOS R US,ICE CUBES,Ian Wright,EUROPE,11/28/14,Q4,31745,11500
MOJITOS R US,ICE CUBES,Ian Wright,EUROPE,10/4/14,Q4,16973,12844
MOJITOS R US,ICE CUBES,Ian Wright,EUROPE,4/1/14,Q2,10282,14103
MOJITOS R US,ICE CUBES,Ian Wright,EUROPE,4/1/14,Q2,88743,18416
MOJITOS R US,ICE CUBES,Ian Wright,EUROPE,4/1/14,Q2,46628,17837
MOJITOS R US,ICE CUBES,Ian Wright,EUROPE,4/1/14,Q2,17366,17677
MOJITOS R US,ICE CUBES,Ian Wright,EUROPE,4/1/14,Q2,38089,12914
MOJITOS R US,ICE CUBES,Ian Wright,EUROPE,4/1/14,Q2,89809,17064
MOJITOS R US,ICE CUBES,Ian Wright,EUROPE,4/1/14,Q2,97708,14793
MOJITOS R US,ICE CUBES,Ian Wright,EUROPE,4/1/14,Q2,94596,15069
MOJITOS R US,ICE CUBES,Ian Wright,EUROPE,4/1/14,Q2,30900,18649
MOJITOS R US,TONIC,Ian Wright,EUROPE,4/1/14,Q2,82903,11649
MOJITOS R US,TONIC,Ian Wright,EUROPE,5/26/14,Q2,81835,16320
MOJITOS R US,TONIC,Ian Wright,EUROPE,5/26/14,Q2,71469,14131
MOJITOS R US,TONIC,Ian Wright,EUROPE,5/26/14,Q2,68096,11864
MOJITOS R US,TONIC,Ian Wright,EUROPE,5/26/14,Q2,76399,13409
MOJITOS R US,TONIC,Ian Wright,EUROPE,5/26/14,Q2,18144,11729
MOJITOS R US,TONIC,Ian Wright,EUROPE,5/26/14,Q2,25998,14569
MOJITOS R US,TONIC,Ian Wright,EUROPE,5/26/14,Q2,28516,15253
MOJITOS R US,TONIC,Ian Wright,EUROPE,11/8/14,Q4,86024,13414
MOJITOS R US,TONIC,Ian Wright,EUROPE,11/22/14,Q4,68907,15748
MOJITOS R US,TONIC,Ian Wright,EUROPE,7/4/14,Q3,67683,16034
MOJITOS R US,TONIC,Ian Wright,EUROPE,7/21/14,Q3,40250,14409
TEQUILA TACOS LTD,SOFT DRINKS,John Michaloudis,ASIA,8/4/12,Q3,62350,13839
TEQUILA TACOS LTD,SOFT DRINKS,John Michaloudis,ASIA,8/4/12,Q3,41230,16598
TEQUILA TACOS LTD,SOFT DRINKS,John Michaloudis,ASIA,3/15/12,Q1,37346,14350
TEQUILA TACOS LTD,SOFT DRINKS,John Michaloudis,ASIA,12/19/12,Q4,53158,11785
TEQUILA TACOS LTD,SOFT DRINKS,John Michaloudis,ASIA,9/14/12,Q3,19611,18440
TEQUILA TACOS LTD,SOFT DRINKS,John Michaloudis,ASIA,3/16/12,Q1,22202,16348
TEQUILA TACOS LTD,SOFT DRINKS,John Michaloudis,ASIA,2/15/12,Q1,95925,14431
TEQUILA TACOS LTD,SOFT DRINKS,John Michaloudis,ASIA,7/13/12,Q3,50376,15500
TEQUILA TACOS LTD,SOFT DRINKS,John Michaloudis,ASIA,9/26/12,Q3,88763,11351
TEQUILA TACOS LTD,SOFT DRINKS,John Michaloudis,ASIA,7/14/12,Q3,46063,13980
TEQUILA TACOS LTD,SOFT DRINKS,John Michaloudis,ASIA,5/12/12,Q2,95529,18649
TEQUILA TACOS LTD,SOFT DRINKS,John Michaloudis,ASIA,5/12/12,Q2,27946,19364
TEQUILA TACOS LTD,BOTTLES,John Michaloudis,ASIA,8/23/12,Q3,48278,18353
TEQUILA TACOS LTD,BOTTLES,John Michaloudis,ASIA,2/1/12,Q1,70149,16802
TEQUILA TACOS LTD,BOTTLES,John Michaloudis,ASIA,11/17/12,Q4,55290,13268
TEQUILA TACOS LTD,BOTTLES,John Michaloudis,ASIA,12/22/12,Q4,65622,15889
TEQUILA TACOS LTD,BOTTLES,John Michaloudis,ASIA,11/14/12,Q4,98116,15526
TEQUILA TACOS LTD,BOTTLES,John Michaloudis,ASIA,8/1/12,Q3,14378,15141
TEQUILA TACOS LTD,BOTTLES,John Michaloudis,ASIA,11/28/12,Q4,92891,18726
TEQUILA TACOS LTD,BOTTLES,John Michaloudis,ASIA,3/21/12,Q1,65904,17493
TEQUILA TACOS LTD,BOTTLES,John Michaloudis,ASIA,10/13/12,Q4,53265,11227
TEQUILA TACOS LTD,BOTTLES,John Michaloudis,ASIA,8/10/12,Q3,69052,15066
TEQUILA TACOS LTD,BOTTLES,John Michaloudis,ASIA,9/6/12,Q3,56565,19841
TEQUILA TACOS LTD,BOTTLES,John Michaloudis,ASIA,1/24/12,Q1,24843,17159
TEQUILA TACOS LTD,ICE CUBES,John Michaloudis,ASIA,6/1/12,Q2,18850,14930
TEQUILA TACOS LTD,ICE CUBES,John Michaloudis,ASIA,3/16/12,Q1,17056,12672
TEQUILA TACOS LTD,ICE CUBES,John Michaloudis,ASIA,6/2/12,Q2,32910,10398
TEQUILA TACOS LTD,ICE CUBES,John Michaloudis,ASIA,2/8/12,Q1,87105,15499
TEQUILA TACOS LTD,ICE CUBES,John Michaloudis,ASIA,9/6/12,Q3,27695,15027
TEQUILA TACOS LTD,ICE CUBES,John Michaloudis,ASIA,9/26/12,Q3,41826,14459
TEQUILA TACOS LTD,ICE CUBES,John Michaloudis,ASIA,10/28/12,Q4,68002,12847
TEQUILA TACOS LTD,ICE CUBES,John Michaloudis,ASIA,6/15/12,Q2,10338,12733
TEQUILA TACOS LTD,ICE CUBES,John Michaloudis,ASIA,5/11/12,Q2,53471,18065
TEQUILA TACOS LTD,ICE CUBES,John Michaloudis,ASIA,6/29/12,Q2,59452,11257
TEQUILA TACOS LTD,ICE CUBES,John Michaloudis,ASIA,6/15/12,Q2,23750,11885
TEQUILA TACOS LTD,ICE CUBES,John Michaloudis,ASIA,11/15/12,Q4,69631,12906
TEQUILA TACOS LTD,TONIC,John Michaloudis,ASIA,11/28/12,Q4,87184,10377
TEQUILA TACOS LTD,TONIC,John Michaloudis,ASIA,1/12/12,Q1,13307,10311
TEQUILA TACOS LTD,TONIC,John Michaloudis,ASIA,6/1/12,Q2,76300,11266
TEQUILA TACOS LTD,TONIC,John Michaloudis,ASIA,11/28/12,Q4,87571,11660
TEQUILA TACOS LTD,TONIC,John Michaloudis,ASIA,9/21/12,Q3,46853,18181
TEQUILA TACOS LTD,TONIC,John Michaloudis,ASIA,11/3/12,Q4,94240,18881
TEQUILA TACOS LTD,TONIC,John Michaloudis,ASIA,11/3/12,Q4,18125,18776
TEQUILA TACOS LTD,TONIC,John Michaloudis,ASIA,12/19/12,Q4,34753,13185
TEQUILA TACOS LTD,TONIC,John Michaloudis,ASIA,1/14/12,Q1,61439,19873
TEQUILA TACOS LTD,TONIC,John Michaloudis,ASIA,7/27/12,Q3,66747,12933
TEQUILA TACOS LTD,TONIC,John Michaloudis,ASIA,10/4/12,Q4,88717,15471
TEQUILA TACOS LTD,TONIC,John Michaloudis,ASIA,5/5/12,Q2,26804,17232
TEQUILA TACOS LTD,SOFT DRINKS,John Michaloudis,ASIA,12/2/13,Q4,71362,16486
TEQUILA TACOS LTD,SOFT DRINKS,John Michaloudis,ASIA,9/29/13,Q3,78271,14730
TEQUILA TACOS LTD,SOFT DRINKS,John Michaloudis,ASIA,5/11/13,Q2,64303,14987
TEQUILA TACOS LTD,SOFT DRINKS,John Michaloudis,ASIA,7/14/13,Q3,30259,13400
TEQUILA TACOS LTD,SOFT DRINKS,John Michaloudis,ASIA,10/19/13,Q4,93605,19665
TEQUILA TACOS LTD,SOFT DRINKS,John Michaloudis,ASIA,7/7/13,Q3,81268,15609
TEQUILA TACOS LTD,SOFT DRINKS,John Michaloudis,ASIA,4/27/13,Q2,56176,16434
TEQUILA TACOS LTD,SOFT DRINKS,John Michaloudis,ASIA,7/27/13,Q3,31410,11193
TEQUILA TACOS LTD,SOFT DRINKS,John Michaloudis,ASIA,5/26/13,Q2,10690,14282
TEQUILA TACOS LTD,SOFT DRINKS,John Michaloudis,ASIA,8/17/13,Q3,82307,12198
TEQUILA TACOS LTD,SOFT DRINKS,John Michaloudis,ASIA,11/28/13,Q4,21780,18944
TEQUILA TACOS LTD,SOFT DRINKS,John Michaloudis,ASIA,5/9/13,Q2,55565,12135
TEQUILA TACOS LTD,BOTTLES,John Michaloudis,ASIA,8/8/13,Q3,64360,17415
TEQUILA TACOS LTD,BOTTLES,John Michaloudis,ASIA,7/20/13,Q3,60093,11496
TEQUILA TACOS LTD,BOTTLES,John Michaloudis,ASIA,8/8/13,Q3,76840,14667
TEQUILA TACOS LTD,BOTTLES,John Michaloudis,ASIA,9/7/13,Q3,90362,18958
TEQUILA TACOS LTD,BOTTLES,John Michaloudis,ASIA,11/8/13,Q4,18377,10740
TEQUILA TACOS LTD,BOTTLES,John Michaloudis,ASIA,3/1/13,Q1,41984,12267
TEQUILA TACOS LTD,BOTTLES,John Michaloudis,ASIA,1/24/13,Q1,61540,18638
TEQUILA TACOS LTD,BOTTLES,John Michaloudis,ASIA,11/28/13,Q4,84277,11499
TEQUILA TACOS LTD,BOTTLES,John Michaloudis,ASIA,5/23/13,Q2,35188,15459
TEQUILA TACOS LTD,BOTTLES,John Michaloudis,ASIA,9/7/13,Q3,41087,12711
TEQUILA TACOS LTD,BOTTLES,John Michaloudis,ASIA,2/23/13,Q1,79693,19870
TEQUILA TACOS LTD,BOTTLES,John Michaloudis,ASIA,3/23/13,Q1,56754,11011
TEQUILA TACOS LTD,ICE CUBES,John Michaloudis,ASIA,8/17/13,Q3,30135,18326
TEQUILA TACOS LTD,ICE CUBES,John Michaloudis,ASIA,11/15/13,Q4,54269,10927
TEQUILA TACOS LTD,ICE CUBES,John Michaloudis,ASIA,9/26/13,Q3,78768,11313
TEQUILA TACOS LTD,ICE CUBES,John Michaloudis,ASIA,8/8/13,Q3,79010,19314
TEQUILA TACOS LTD,ICE CUBES,John Michaloudis,ASIA,7/13/13,Q3,54188,18831
TEQUILA TACOS LTD,ICE CUBES,John Michaloudis,ASIA,10/4/13,Q4,44186,15018
TEQUILA TACOS LTD,ICE CUBES,John Michaloudis,ASIA,11/8/13,Q4,44361,19708
TEQUILA TACOS LTD,ICE CUBES,John Michaloudis,ASIA,4/14/13,Q2,89126,16489
TEQUILA TACOS LTD,ICE CUBES,John Michaloudis,ASIA,8/19/13,Q3,50294,12726
TEQUILA TACOS LTD,ICE CUBES,John Michaloudis,ASIA,6/29/13,Q2,85667,13269
TEQUILA TACOS LTD,ICE CUBES,John Michaloudis,ASIA,3/30/13,Q1,74326,16786
TEQUILA TACOS LTD,ICE CUBES,John Michaloudis,ASIA,1/11/13,Q1,54956,11391
TEQUILA TACOS LTD,TONIC,John Michaloudis,ASIA,10/17/13,Q4,74830,13115
TEQUILA TACOS LTD,TONIC,John Michaloudis,ASIA,10/11/13,Q4,73390,19822
TEQUILA TACOS LTD,TONIC,John Michaloudis,ASIA,1/3/13,Q1,18410,12993
TEQUILA TACOS LTD,TONIC,John Michaloudis,ASIA,12/14/13,Q4,96755,15793
TEQUILA TACOS LTD,TONIC,John Michaloudis,ASIA,11/28/13,Q4,61466,17536
TEQUILA TACOS LTD,TONIC,John Michaloudis,ASIA,5/6/13,Q2,31549,17242
TEQUILA TACOS LTD,TONIC,John Michaloudis,ASIA,9/14/13,Q3,91166,13560
TEQUILA TACOS LTD,TONIC,John Michaloudis,ASIA,9/7/13,Q3,88071,14020
TEQUILA TACOS LTD,TONIC,John Michaloudis,ASIA,6/22/13,Q2,61771,17362
TEQUILA TACOS LTD,TONIC,John Michaloudis,ASIA,4/20/13,Q2,81784,13580
TEQUILA TACOS LTD,TONIC,John Michaloudis,ASIA,6/29/13,Q2,27993,19494
TEQUILA TACOS LTD,TONIC,John Michaloudis,ASIA,4/6/13,Q2,45878,15323
TEQUILA TACOS LTD,SOFT DRINKS,John Michaloudis,ASIA,1/7/14,Q1,16425,13295
TEQUILA TACOS LTD,SOFT DRINKS,John Michaloudis,ASIA,9/26/14,Q3,27832,16975
TEQUILA TACOS LTD,SOFT DRINKS,John Michaloudis,ASIA,10/7/14,Q4,80073,18374
TEQUILA TACOS LTD,SOFT DRINKS,John Michaloudis,ASIA,8/4/14,Q3,97319,18234
TEQUILA TACOS LTD,SOFT DRINKS,John Michaloudis,ASIA,6/22/14,Q2,38277,14116
TEQUILA TACOS LTD,SOFT DRINKS,John Michaloudis,ASIA,3/9/14,Q1,44723,16313
TEQUILA TACOS LTD,SOFT DRINKS,John Michaloudis,ASIA,5/16/14,Q2,70630,11586
TEQUILA TACOS LTD,SOFT DRINKS,John Michaloudis,ASIA,7/27/14,Q3,45727,13544
TEQUILA TACOS LTD,SOFT DRINKS,John Michaloudis,ASIA,2/15/14,Q1,81486,12819
TEQUILA TACOS LTD,SOFT DRINKS,John Michaloudis,ASIA,4/13/14,Q2,35158,11461
TEQUILA TACOS LTD,SOFT DRINKS,John Michaloudis,ASIA,6/8/14,Q2,83262,11418
TEQUILA TACOS LTD,SOFT DRINKS,John Michaloudis,ASIA,12/19/14,Q4,74283,13666
TEQUILA TACOS LTD,BOTTLES,John Michaloudis,ASIA,3/10/14,Q1,24805,16057
TEQUILA TACOS LTD,BOTTLES,John Michaloudis,ASIA,8/1/14,Q3,16556,13301
TEQUILA TACOS LTD,BOTTLES,John Michaloudis,ASIA,5/9/14,Q2,48638,10647
TEQUILA TACOS LTD,BOTTLES,John Michaloudis,ASIA,7/20/14,Q3,56001,17494
TEQUILA TACOS LTD,BOTTLES,John Michaloudis,ASIA,10/17/14,Q4,17127,15915
TEQUILA TACOS LTD,BOTTLES,John Michaloudis,ASIA,1/25/14,Q1,89436,11572
TEQUILA TACOS LTD,BOTTLES,John Michaloudis,ASIA,11/15/14,Q4,70047,10177
TEQUILA TACOS LTD,BOTTLES,John Michaloudis,ASIA,2/15/14,Q1,38602,10006
TEQUILA TACOS LTD,BOTTLES,John Michaloudis,ASIA,10/11/14,Q4,74865,13543
TEQUILA TACOS LTD,BOTTLES,John Michaloudis,ASIA,10/20/14,Q4,61380,18039
TEQUILA TACOS LTD,BOTTLES,John Michaloudis,ASIA,10/10/14,Q4,14784,19374
TEQUILA TACOS LTD,BOTTLES,John Michaloudis,ASIA,12/2/14,Q4,73862,10283
TEQUILA TACOS LTD,ICE CUBES,John Michaloudis,ASIA,12/2/14,Q4,83315,12275
TEQUILA TACOS LTD,ICE CUBES,John Michaloudis,ASIA,12/2/14,Q4,68404,18282
TEQUILA TACOS LTD,ICE CUBES,John Michaloudis,ASIA,12/2/14,Q4,90217,15197
TEQUILA TACOS LTD,ICE CUBES,John Michaloudis,ASIA,12/2/14,Q4,90547,11895
TEQUILA TACOS LTD,ICE CUBES,John Michaloudis,ASIA,12/2/14,Q4,14692,12681
TEQUILA TACOS LTD,ICE CUBES,John Michaloudis,ASIA,12/2/14,Q4,49657,19214
TEQUILA TACOS LTD,ICE CUBES,John Michaloudis,ASIA,12/2/14,Q4,33571,14625
TEQUILA TACOS LTD,ICE CUBES,John Michaloudis,ASIA,12/2/14,Q4,49617,10726
TEQUILA TACOS LTD,ICE CUBES,John Michaloudis,ASIA,12/2/14,Q4,62480,18293
TEQUILA TACOS LTD,ICE CUBES,John Michaloudis,ASIA,12/2/14,Q4,47736,14208
TEQUILA TACOS LTD,ICE CUBES,John Michaloudis,ASIA,12/2/14,Q4,77558,12575
TEQUILA TACOS LTD,ICE CUBES,John Michaloudis,ASIA,6/23/14,Q2,55463,14666
TEQUILA TACOS LTD,TONIC,John Michaloudis,ASIA,6/23/14,Q2,94980,13651
TEQUILA TACOS LTD,TONIC,John Michaloudis,ASIA,6/23/14,Q2,10209,14250
TEQUILA TACOS LTD,TONIC,John Michaloudis,ASIA,6/23/14,Q2,53109,17186
TEQUILA TACOS LTD,TONIC,John Michaloudis,ASIA,6/23/14,Q2,83776,17982
TEQUILA TACOS LTD,TONIC,John Michaloudis,ASIA,6/23/14,Q2,30296,19374
TEQUILA TACOS LTD,TONIC,John Michaloudis,ASIA,6/23/14,Q2,99878,12500
TEQUILA TACOS LTD,TONIC,John Michaloudis,ASIA,12/20/14,Q4,85777,14890
TEQUILA TACOS LTD,TONIC,John Michaloudis,ASIA,12/20/14,Q4,42990,14908
TEQUILA TACOS LTD,TONIC,John Michaloudis,ASIA,12/21/14,Q4,31951,18079
TEQUILA TACOS LTD,TONIC,John Michaloudis,ASIA,11/22/14,Q4,52980,10374
TEQUILA TACOS LTD,TONIC,John Michaloudis,ASIA,12/30/14,Q4,32784,19724
TEQUILA TACOS LTD,TONIC,John Michaloudis,ASIA,9/6/14,Q3,87871,19764
GIN ON THE RUN CO,SOFT DRINKS,Homer Simpson,AFRICA,3/9/12,Q1,44719,15139
GIN ON THE RUN CO,SOFT DRINKS,Homer Simpson,AFRICA,9/28/12,Q3,25249,15920
GIN ON THE RUN CO,SOFT DRINKS,Homer Simpson,AFRICA,10/4/12,Q4,86706,16949
GIN ON THE RUN CO,SOFT DRINKS,Homer Simpson,AFRICA,2/16/12,Q1,57670,13649
GIN ON THE RUN CO,SOFT DRINKS,Homer Simpson,AFRICA,5/16/12,Q2,17405,12077
GIN ON THE RUN CO,SOFT DRINKS,Homer Simpson,AFRICA,11/28/12,Q4,71664,14334
GIN ON THE RUN CO,SOFT DRINKS,Homer Simpson,AFRICA,2/1/12,Q1,71644,11370
GIN ON THE RUN CO,SOFT DRINKS,Homer Simpson,AFRICA,2/15/12,Q1,20166,16239
GIN ON THE RUN CO,SOFT DRINKS,Homer Simpson,AFRICA,12/14/12,Q4,99101,11736
GIN ON THE RUN CO,SOFT DRINKS,Homer Simpson,AFRICA,6/22/12,Q2,24921,12013
GIN ON THE RUN CO,SOFT DRINKS,Homer Simpson,AFRICA,4/6/12,Q2,46740,19115
GIN ON THE RUN CO,SOFT DRINKS,Homer Simpson,AFRICA,4/6/12,Q2,57570,10927
GIN ON THE RUN CO,BOTTLES,Homer Simpson,AFRICA,11/28/12,Q4,24997,10940
GIN ON THE RUN CO,BOTTLES,Homer Simpson,AFRICA,3/16/12,Q1,93577,13412
GIN ON THE RUN CO,BOTTLES,Homer Simpson,AFRICA,11/28/12,Q4,31641,11434
GIN ON THE RUN CO,BOTTLES,Homer Simpson,AFRICA,10/4/12,Q4,95561,10528
GIN ON THE RUN CO,BOTTLES,Homer Simpson,AFRICA,10/25/12,Q4,80267,18655
GIN ON THE RUN CO,BOTTLES,Homer Simpson,AFRICA,3/9/12,Q1,71006,13512
GIN ON THE RUN CO,BOTTLES,Homer Simpson,AFRICA,5/10/12,Q2,43061,17337
GIN ON THE RUN CO,BOTTLES,Homer Simpson,AFRICA,7/13/12,Q3,10780,12627
GIN ON THE RUN CO,BOTTLES,Homer Simpson,AFRICA,11/24/12,Q4,71281,19335
GIN ON THE RUN CO,BOTTLES,Homer Simpson,AFRICA,9/7/12,Q3,58557,17117
GIN ON THE RUN CO,BOTTLES,Homer Simpson,AFRICA,9/7/12,Q3,16918,16795
GIN ON THE RUN CO,BOTTLES,Homer Simpson,AFRICA,7/7/12,Q3,96209,13210
GIN ON THE RUN CO,ICE CUBES,Homer Simpson,AFRICA,9/7/12,Q3,90340,15531
GIN ON THE RUN CO,ICE CUBES,Homer Simpson,AFRICA,9/7/12,Q3,89734,14291
GIN ON THE RUN CO,ICE CUBES,Homer Simpson,AFRICA,1/3/12,Q1,95630,13723
GIN ON THE RUN CO,ICE CUBES,Homer Simpson,AFRICA,11/1/12,Q4,30674,18638
GIN ON THE RUN CO,ICE CUBES,Homer Simpson,AFRICA,3/14/12,Q1,72408,18600
GIN ON THE RUN CO,ICE CUBES,Homer Simpson,AFRICA,10/10/12,Q4,66181,19840
GIN ON THE RUN CO,ICE CUBES,Homer Simpson,AFRICA,4/6/12,Q2,28390,16708
GIN ON THE RUN CO,ICE CUBES,Homer Simpson,AFRICA,10/10/12,Q4,45991,12557
GIN ON THE RUN CO,ICE CUBES,Homer Simpson,AFRICA,6/15/12,Q2,14127,16862
GIN ON THE RUN CO,ICE CUBES,Homer Simpson,AFRICA,7/14/12,Q3,91812,12988
GIN ON THE RUN CO,ICE CUBES,Homer Simpson,AFRICA,11/28/12,Q4,77660,19688
GIN ON THE RUN CO,ICE CUBES,Homer Simpson,AFRICA,6/24/12,Q2,30769,17892
GIN ON THE RUN CO,TONIC,Homer Simpson,AFRICA,4/15/12,Q2,10090,19174
GIN ON THE RUN CO,TONIC,Homer Simpson,AFRICA,9/13/12,Q3,85616,10720
GIN ON THE RUN CO,TONIC,Homer Simpson,AFRICA,6/8/12,Q2,98483,19217
GIN ON THE RUN CO,TONIC,Homer Simpson,AFRICA,9/16/12,Q3,45728,17165
GIN ON THE RUN CO,TONIC,Homer Simpson,AFRICA,8/8/12,Q3,21385,15006
GIN ON THE RUN CO,TONIC,Homer Simpson,AFRICA,5/18/12,Q2,29970,12306
GIN ON THE RUN CO,TONIC,Homer Simpson,AFRICA,9/26/12,Q3,74306,11007
GIN ON THE RUN CO,TONIC,Homer Simpson,AFRICA,2/1/12,Q1,35366,11604
GIN ON THE RUN CO,TONIC,Homer Simpson,AFRICA,6/22/12,Q2,71112,13401
GIN ON THE RUN CO,TONIC,Homer Simpson,AFRICA,10/17/12,Q4,54397,15189
GIN ON THE RUN CO,TONIC,Homer Simpson,AFRICA,10/11/12,Q4,59226,17241
GIN ON THE RUN CO,TONIC,Homer Simpson,AFRICA,10/17/12,Q4,11145,15514
GIN ON THE RUN CO,SOFT DRINKS,Homer Simpson,AFRICA,7/6/13,Q3,14169,17210
GIN ON THE RUN CO,SOFT DRINKS,Homer Simpson,AFRICA,1/10/13,Q1,41118,13326
GIN ON THE RUN CO,SOFT DRINKS,Homer Simpson,AFRICA,10/11/13,Q4,84129,12414
GIN ON THE RUN CO,SOFT DRINKS,Homer Simpson,AFRICA,11/16/13,Q4,29008,10793
GIN ON THE RUN CO,SOFT DRINKS,Homer Simpson,AFRICA,11/28/13,Q4,76494,15157
GIN ON THE RUN CO,SOFT DRINKS,Homer Simpson,AFRICA,12/31/13,Q4,89557,10783
GIN ON THE RUN CO,SOFT DRINKS,Homer Simpson,AFRICA,12/31/13,Q4,49012,11976
GIN ON THE RUN CO,SOFT DRINKS,Homer Simpson,AFRICA,12/31/13,Q4,61766,18437
GIN ON THE RUN CO,SOFT DRINKS,Homer Simpson,AFRICA,5/6/13,Q2,39836,12731
GIN ON THE RUN CO,SOFT DRINKS,Homer Simpson,AFRICA,8/31/13,Q3,29506,13385
GIN ON THE RUN CO,SOFT DRINKS,Homer Simpson,AFRICA,9/9/13,Q3,23168,10740
GIN ON THE RUN CO,SOFT DRINKS,Homer Simpson,AFRICA,12/9/13,Q4,97854,17861
GIN ON THE RUN CO,BOTTLES,Homer Simpson,AFRICA,5/18/13,Q2,98852,10634
GIN ON THE RUN CO,BOTTLES,Homer Simpson,AFRICA,12/6/13,Q4,56682,17958
GIN ON THE RUN CO,BOTTLES,Homer Simpson,AFRICA,9/14/13,Q3,54310,14000
GIN ON THE RUN CO,BOTTLES,Homer Simpson,AFRICA,1/3/13,Q1,87683,17147
GIN ON THE RUN CO,BOTTLES,Homer Simpson,AFRICA,12/20/13,Q4,84104,16879
GIN ON THE RUN CO,BOTTLES,Homer Simpson,AFRICA,2/1/13,Q1,91033,15869
GIN ON THE RUN CO,BOTTLES,Homer Simpson,AFRICA,4/19/13,Q2,82085,17822
GIN ON THE RUN CO,BOTTLES,Homer Simpson,AFRICA,4/19/13,Q2,54664,19078
GIN ON THE RUN CO,BOTTLES,Homer Simpson,AFRICA,10/25/13,Q4,31434,12888
GIN ON THE RUN CO,BOTTLES,Homer Simpson,AFRICA,10/25/13,Q4,80306,11910
GIN ON THE RUN CO,BOTTLES,Homer Simpson,AFRICA,12/17/13,Q4,13804,15923
GIN ON THE RUN CO,BOTTLES,Homer Simpson,AFRICA,12/17/13,Q4,92944,12905
GIN ON THE RUN CO,ICE CUBES,Homer Simpson,AFRICA,12/8/13,Q4,61233,15918
GIN ON THE RUN CO,ICE CUBES,Homer Simpson,AFRICA,1/18/13,Q1,69281,13443
GIN ON THE RUN CO,ICE CUBES,Homer Simpson,AFRICA,12/21/13,Q4,94075,12236
GIN ON THE RUN CO,ICE CUBES,Homer Simpson,AFRICA,6/29/13,Q2,43758,11619
GIN ON THE RUN CO,ICE CUBES,Homer Simpson,AFRICA,12/21/13,Q4,56262,10380
GIN ON THE RUN CO,ICE CUBES,Homer Simpson,AFRICA,7/20/13,Q3,42319,19131
GIN ON THE RUN CO,ICE CUBES,Homer Simpson,AFRICA,5/9/13,Q2,82921,18690
GIN ON THE RUN CO,ICE CUBES,Homer Simpson,AFRICA,6/8/13,Q2,56173,15095
GIN ON THE RUN CO,ICE CUBES,Homer Simpson,AFRICA,11/19/13,Q4,66997,17808
GIN ON THE RUN CO,ICE CUBES,Homer Simpson,AFRICA,12/13/13,Q4,28884,14912
GIN ON THE RUN CO,ICE CUBES,Homer Simpson,AFRICA,10/26/13,Q4,74664,14441
GIN ON THE RUN CO,ICE CUBES,Homer Simpson,AFRICA,1/12/13,Q1,71397,15529
GIN ON THE RUN CO,TONIC,Homer Simpson,AFRICA,9/14/13,Q3,41975,15396
GIN ON THE RUN CO,TONIC,Homer Simpson,AFRICA,2/14/13,Q1,88575,18080
GIN ON THE RUN CO,TONIC,Homer Simpson,AFRICA,7/14/13,Q3,74340,12855
GIN ON THE RUN CO,TONIC,Homer Simpson,AFRICA,11/28/13,Q4,72884,17221
GIN ON THE RUN CO,TONIC,Homer Simpson,AFRICA,9/26/13,Q3,59557,11421
GIN ON THE RUN CO,TONIC,Homer Simpson,AFRICA,10/18/13,Q4,86610,16012
GIN ON THE RUN CO,TONIC,Homer Simpson,AFRICA,10/18/13,Q4,22172,16499
GIN ON THE RUN CO,TONIC,Homer Simpson,AFRICA,6/2/13,Q2,89040,10026
GIN ON THE RUN CO,TONIC,Homer Simpson,AFRICA,11/28/13,Q4,38507,15878
GIN ON THE RUN CO,TONIC,Homer Simpson,AFRICA,11/28/13,Q4,94271,12217
GIN ON THE RUN CO,TONIC,Homer Simpson,AFRICA,1/24/13,Q1,36517,11145
GIN ON THE RUN CO,TONIC,Homer Simpson,AFRICA,5/16/13,Q2,71515,13552
GIN ON THE RUN CO,SOFT DRINKS,Homer Simpson,AFRICA,12/20/14,Q4,92590,16749
GIN ON THE RUN CO,SOFT DRINKS,Homer Simpson,AFRICA,11/28/14,Q4,95829,18970
GIN ON THE RUN CO,SOFT DRINKS,Homer Simpson,AFRICA,1/18/14,Q1,75901,10312
GIN ON THE RUN CO,SOFT DRINKS,Homer Simpson,AFRICA,6/14/14,Q2,73045,18952
GIN ON THE RUN CO,SOFT DRINKS,Homer Simpson,AFRICA,2/23/14,Q1,71776,15856
GIN ON THE RUN CO,SOFT DRINKS,Homer Simpson,AFRICA,12/9/14,Q4,29433,13521
GIN ON THE RUN CO,SOFT DRINKS,Homer Simpson,AFRICA,5/9/14,Q2,96341,14118
GIN ON THE RUN CO,SOFT DRINKS,Homer Simpson,AFRICA,11/28/14,Q4,12968,12493
GIN ON THE RUN CO,SOFT DRINKS,Homer Simpson,AFRICA,12/31/14,Q4,53796,13468
GIN ON THE RUN CO,SOFT DRINKS,Homer Simpson,AFRICA,12/14/14,Q4,46195,16569
GIN ON THE RUN CO,SOFT DRINKS,Homer Simpson,AFRICA,11/28/14,Q4,63269,14854
GIN ON THE RUN CO,SOFT DRINKS,Homer Simpson,AFRICA,12/9/14,Q4,67038,14380
GIN ON THE RUN CO,BOTTLES,Homer Simpson,AFRICA,10/26/14,Q4,15201,10729
GIN ON THE RUN CO,BOTTLES,Homer Simpson,AFRICA,4/27/14,Q2,27160,12413
GIN ON THE RUN CO,BOTTLES,Homer Simpson,AFRICA,11/28/14,Q4,67176,19745
GIN ON THE RUN CO,BOTTLES,Homer Simpson,AFRICA,5/18/14,Q2,62135,13928
GIN ON THE RUN CO,BOTTLES,Homer Simpson,AFRICA,11/29/14,Q4,16292,10674
GIN ON THE RUN CO,BOTTLES,Homer Simpson,AFRICA,11/28/14,Q4,77723,17257
GIN ON THE RUN CO,BOTTLES,Homer Simpson,AFRICA,7/14/14,Q3,20106,13873
GIN ON THE RUN CO,BOTTLES,Homer Simpson,AFRICA,7/7/14,Q3,91228,19109
GIN ON THE RUN CO,BOTTLES,Homer Simpson,AFRICA,4/1/14,Q2,31915,12112
GIN ON THE RUN CO,BOTTLES,Homer Simpson,AFRICA,4/1/14,Q2,28137,10619
GIN ON THE RUN CO,BOTTLES,Homer Simpson,AFRICA,4/1/14,Q2,47215,10366
GIN ON THE RUN CO,BOTTLES,Homer Simpson,AFRICA,4/1/14,Q2,78866,11263
GIN ON THE RUN CO,ICE CUBES,Homer Simpson,AFRICA,4/1/14,Q2,97314,17060
GIN ON THE RUN CO,ICE CUBES,Homer Simpson,AFRICA,4/1/14,Q2,66890,18211
GIN ON THE RUN CO,ICE CUBES,Homer Simpson,AFRICA,4/1/14,Q2,63005,13370
GIN ON THE RUN CO,ICE CUBES,Homer Simpson,AFRICA,4/1/14,Q2,37146,12899
GIN ON THE RUN CO,ICE CUBES,Homer Simpson,AFRICA,4/1/14,Q2,40215,16726
GIN ON THE RUN CO,ICE CUBES,Homer Simpson,AFRICA,4/1/14,Q2,39839,14902
GIN ON THE RUN CO,ICE CUBES,Homer Simpson,AFRICA,11/22/14,Q4,79853,19256
GIN ON THE RUN CO,ICE CUBES,Homer Simpson,AFRICA,8/4/14,Q3,11497,17632
GIN ON THE RUN CO,ICE CUBES,Homer Simpson,AFRICA,8/4/14,Q3,65439,19436
GIN ON THE RUN CO,ICE CUBES,Homer Simpson,AFRICA,4/4/14,Q2,96978,14549
GIN ON THE RUN CO,ICE CUBES,Homer Simpson,AFRICA,9/26/14,Q3,95596,14016
GIN ON THE RUN CO,ICE CUBES,Homer Simpson,AFRICA,11/14/14,Q4,28496,17823
GIN ON THE RUN CO,TONIC,Homer Simpson,AFRICA,12/20/14,Q4,78392,19215
GIN ON THE RUN CO,TONIC,Homer Simpson,AFRICA,12/8/14,Q4,61077,11909
GIN ON THE RUN CO,TONIC,Homer Simpson,AFRICA,12/8/14,Q4,50033,16007
GIN ON THE RUN CO,TONIC,Homer Simpson,AFRICA,12/8/14,Q4,50577,19377
GIN ON THE RUN CO,TONIC,Homer Simpson,AFRICA,12/8/14,Q4,54040,10098
GIN ON THE RUN CO,TONIC,Homer Simpson,AFRICA,12/17/14,Q4,45057,14462
GIN ON THE RUN CO,TONIC,Homer Simpson,AFRICA,12/17/14,Q4,35558,13330
GIN ON THE RUN CO,TONIC,Homer Simpson,AFRICA,12/17/14,Q4,21217,14334
GIN ON THE RUN CO,TONIC,Homer Simpson,AFRICA,12/17/14,Q4,60244,18345
GIN ON THE RUN CO,TONIC,Homer Simpson,AFRICA,1/5/14,Q1,76362,15399
GIN ON THE RUN CO,TONIC,Homer Simpson,AFRICA,1/5/14,Q1,60119,15703
GIN ON THE RUN CO,TONIC,Homer Simpson,AFRICA,1/5/14,Q1,45139,13952